@article{source1, 
	series={7}, 
	title={a cool source},
	volume={1}, 
	number={9}, 
	journal={a very cool journal},
	author={lucas standen},
	year={1859}, 
	pages={1â€“18}, 
	collection={7}}
