@article{GNUmaifesto, 
	title={The GNU maifesto},
	journal={Free software, Free society},
	author={Richard Stallman},
	year={1984}, 
	pages={33-43}}
@article{FOSSdef,
	title={The definition of Free Software},
	journal={Free software, Free society},
	author={Richard Stallman},
	year={1996}, 
	pages={44-47}}


